@online{ltspice,
	author = "Analog Devices",
	title = "LTspice",
	url  = "https://www.analog.com/en/design-center/design-tools-and-calculators/ltspice-simulator.html",
	keywords = "latex,knuth"
}





















