@online{xschem,
	author = "Stefan Frederik Schippers",
	title = "XSchem",
	url  = "https://github.com/StefanSchippers/xschem",
	keywords = "editor,schematic"
}


@online{ngspice,
	author = "U.C. Berkley CAD Group, ngspice team",
	title = "ngspice",
	url  = "http://ngspice.sourceforge.net/",
	keywords = "editor,simulator"
}

@online{skywater,
	author = "Google, SkyWater Technology Foundry",
	title = "Google Skywater PDK",
	url  = "https://github.com/google/skywater-pdk",
	keywords = "PDK,simulator"
}

@online{fossi,
	title = "SkyWater Technology foundry",
	url  = "https://www.skywatertechnology.com/"
}

@online{specsky,
	title = "SkyWater Device Details Documentation",
	url  = "https://skywater-pdk.readthedocs.io/en/latest/rules/device-details.html"
}

@online{specprimitivecells,
	title = "SkyWater Foundry Provided Standard Cell Libraries Documentation",
	url  = "https://skywater-pdk.readthedocs.io/en/latest/contents/libraries/foundry-provided.html"
}

@online{tualatin,
	author = "Hardware Museum",
	title = "CPU History Tour (1999-2001)",
	url  = "http://hw-museum.cz/article/6/cpu-history-tour--1999---2001-/3",
	keywords = "editor,simulator"
}

@online{raminfo,
	author = "Changhyun Kim (Samsung Electronics)",
	title = "Basic DRAM Operations slides",
	url  = "https://people.eecs.berkeley.edu/~pattrsn/294/LEC9/lec.html",
	keywords = "editor,simulator",
	editor = "Berkeley University of California",
	year = "1995"
}























